@BOOK{Schlegel,
  editor =       {Schlegel, Wolfgang and Karger, Christian P. and Jäkel, Oliver},
  TITLE =        {Medizinische Physik– Grundlagen, Bildgebung, Therapie, Technik},
  PUBLISHER =    {Springer Spektrum},
  YEAR =         {2018},
  address =      {Heidelberg},
  edition =      {1. Auflage},
  isbn =         {978-3-662-54800-4},
  doi =          {10.1007/978-3-662-54801-1},
}

@BOOK{Pollmann,
  author =       {Pollmann, Stefan and Noesselt,Tömme},
  TITLE =        {Funktionelle MRT: Grundlagen, Experimentaldesign und Datenanalyse},
  PUBLISHER =    {Springer},
  YEAR =         {2023},
  address =      {Berlin, Heidelberg},
  edition =      {1. Auflage},
  isbn =         {978-3-662-68024-7},
  doi =          {10.1007/978-3-662-68025-4},
}

@BOOK{Dössel,
  author =       {Dössel, Olaf},
  TITLE =        {Bildgebende Verfahren in der Medizin:Von der Technik zur medizinischen Anwendung},
  PUBLISHER =    {Springer Vieweg},
  YEAR =         {2016},
  address =      {Berlin, Heidelberg},
  edition =      {2. Auflage},
  isbn =         {978-3-642-54406-4},
  doi =          {10.1007/978-3-642-54407-1},
}

@misc{pabst2013,
  author       = {Pabst, Dr. med. Christoph},
  title        = {Magnetresonanz-Tomographie: Lernskript für Mediziner},
  year         = {2013},
  edition      = {2},
  institution  = {Universitätsklinikum Gießen und Marburg, Standort Marburg},
  note         = {Klinik für Diagnostische und Interventionelle Radiologie},
  howpublished = {\url{https://www.ukgm.de/ugm_2/deu/umr_rdi/Teaser/Grundlagen_der_Magnetresonanztomographie_MRT_2013.pdf}},
  urldate      = {2025-06-20} 
}

@article{kleesiek2020,
  author       = {Jens Kleesiek and Jacob M. Murray and Christian Strack and Georgios Kaissis and Rickmer Braren},
  title        = {Wie funktioniert maschinelles Lernen?},
  journal      = {Der Radiologe},
  volume       = {60},
  number       = {1},
  pages        = {24--31},
  year         = {2020},
  doi          = {10.1007/s00117-019-00616-x},
  publisher    = {Springer Medizin Verlag},
}